<?xml version="1.0" encoding="UTF-8"?><collection xmlns="http://www.loc.gov/MARC21/slim"><record><leader>00682nam--2200229-u-4500</leader><controlfield tag="001">000050654</controlfield><controlfield tag="002">20161230</controlfield><controlfield tag="005">20161230201048</controlfield><controlfield tag="008">080227s1000------------r-----000-0-eng-d</controlfield><datafield ind1=" " ind2=" " tag="020"><subfield code="a">0198528159</subfield></datafield><datafield ind1=" " ind2=" " tag="040"><subfield code="a">IFIN-HH</subfield></datafield><datafield ind1=" " ind2=" " tag="080"><subfield code="a">538.945:536.7</subfield></datafield><datafield ind1="1" ind2=" " tag="100"><subfield code="a">Larkin, Anatoli</subfield></datafield><datafield ind1="1" ind2="0" tag="245"><subfield code="a">Theory of Fluctuations in Superconductors</subfield><subfield code="c">Anatoli Larkin; Andrei Varlamov</subfield></datafield><datafield ind1=" " ind2=" " tag="260"><subfield code="a">Oxford</subfield><subfield code="b">Clarendon Press</subfield><subfield code="c">2005</subfield></datafield><datafield ind1=" " ind2=" " tag="300"><subfield code="a">412 p</subfield></datafield><datafield ind1=" " ind2=" " tag="490"><subfield code="a">International Series of Monographs on Physics</subfield><subfield code="v">vol.127</subfield></datafield><datafield ind1=" " ind2=" " tag="504"><subfield code="a">Includes References and Index</subfield></datafield><datafield ind1=" " ind2="4" tag="650"><subfield code="a">Fluctuations Thermodynamics</subfield></datafield><datafield ind1="1" ind2=" " tag="700"><subfield code="a">Varlamov, Andrei</subfield></datafield><datafield ind1=" " ind2=" " tag="852"><subfield code="a">81976</subfield><subfield code="c">538.9</subfield></datafield><datafield ind1=" " ind2=" " tag="CAT"><subfield code="a">Sys</subfield><subfield code="c">20110104</subfield><subfield code="h">141250</subfield></datafield></record></collection>